<?xml version="1.0" encoding="UTF-8"?>
<record xmlns="http://www.loc.gov/MARC21/slim" xmlns:xsi="http://www.w3.org/2001/XMLSchema-instance" xsi:schemaLocation="http://www.loc.gov/MARC21/slim http://www.loc.gov/standards/marcxml/schema/MARC21slim.xsd">
<leader>00000cam a22        4500</leader>
<controlfield tag="001">002886464</controlfield>
<controlfield tag="003">NNU</controlfield>
<controlfield tag="005">20160304170553.0</controlfield>
<controlfield tag="008">740204s1967    le       b    001 0beng</controlfield>
<datafield tag="010" ind1=" " ind2=" ">
<subfield code="a">   72960870</subfield>
</datafield>
<datafield tag="035" ind1=" " ind2=" ">
<subfield code="a">(OCoLC)834780</subfield>
</datafield>
<datafield tag="040" ind1=" " ind2=" ">
<subfield code="a">DLC</subfield>
<subfield code="b">eng</subfield>
<subfield code="c">DLC</subfield>
<subfield code="d">OCLCQ</subfield>
<subfield code="d">MUQ</subfield>
<subfield code="d">BTCTA</subfield>
<subfield code="d">BAKER</subfield>
<subfield code="d">YDXCP</subfield>
<subfield code="d">OCLCG</subfield>
<subfield code="d">DEBBG</subfield>
<subfield code="d">LEAUB</subfield>
<subfield code="d">EUM</subfield>
<subfield code="d">GBVCP</subfield>
<subfield code="d">OCLCO</subfield>
<subfield code="d">OCLCF</subfield>
<subfield code="d">OCLCQ</subfield>
<subfield code="d">NNU</subfield>
</datafield>
<datafield tag="050" ind1="0" ind2="0">
<subfield code="a">PJ25</subfield>
<subfield code="b">.A6 no. 47</subfield>
</datafield>
<datafield tag="082" ind1="0" ind2=" ">
<subfield code="a">892.78</subfield>
<subfield code="2">22</subfield>
</datafield>
<datafield tag="084" ind1=" " ind2=" ">
<subfield code="a">EN 3050</subfield>
<subfield code="2">rvk</subfield>
</datafield>
<datafield tag="084" ind1=" " ind2=" ">
<subfield code="a">EN 3599</subfield>
<subfield code="2">rvk</subfield>
</datafield>
<datafield tag="100" ind1="1" ind2=" ">
<subfield code="a">Naimy, Nadeem N.</subfield>
</datafield>
<datafield tag="245" ind1="1" ind2="0">
<subfield code="a">Mikhail Naimy :</subfield>
<subfield code="b">an introduction /</subfield>
<subfield code="c">by Nadeem N. Naimy.</subfield>
</datafield>
<datafield tag="260" ind1=" " ind2=" ">
<subfield code="a">Beirut :</subfield>
<subfield code="b">American University of Beirut, Faculty of Arts and Science,</subfield>
<subfield code="c">1967.</subfield>
</datafield>
<datafield tag="300" ind1=" " ind2=" ">
<subfield code="a">ix, 349 pages ;</subfield>
<subfield code="c">25 cm.</subfield>
</datafield>
<datafield tag="336" ind1=" " ind2=" ">
<subfield code="a">text</subfield>
<subfield code="b">txt</subfield>
<subfield code="2">rdacontent</subfield>
</datafield>
<datafield tag="337" ind1=" " ind2=" ">
<subfield code="a">unmediated</subfield>
<subfield code="b">n</subfield>
<subfield code="2">rdamedia</subfield>
</datafield>
<datafield tag="338" ind1=" " ind2=" ">
<subfield code="a">volume</subfield>
<subfield code="b">nc</subfield>
<subfield code="2">rdacarrier</subfield>
</datafield>
<datafield tag="490" ind1="1" ind2=" ">
<subfield code="a">American University of Beirut. Publication of the Faculty of Arts and Sciences. Oriental series,</subfield>
<subfield code="v">no. 47</subfield>
</datafield>
<datafield tag="504" ind1=" " ind2=" ">
<subfield code="a">Includes bibliographical references (pages 329-337).</subfield>
</datafield>
<datafield tag="530" ind1=" " ind2=" ">
<subfield code="a">Also issued online.</subfield>
</datafield>
<datafield tag="600" ind1="1" ind2="0">
<subfield code="6">880-01</subfield>
<subfield code="a">Nuʻaymah, Mīkhāʼīl,</subfield>
<subfield code="d">1889-1988.</subfield>
</datafield>
<datafield tag="600" ind1="1" ind2="4">
<subfield code="a">Nuàymah, Mĭkhā'ĭl,</subfield>
<subfield code="d">1889-</subfield>
</datafield>
<datafield tag="600" ind1="1" ind2="6">
<subfield code="a">Nuʻaymah, Mikhāʼīl,</subfield>
<subfield code="d">1889-</subfield>
</datafield>
<datafield tag="600" ind1="1" ind2="7">
<subfield code="a">Nuʻaymah, Mīkhāʼīl,</subfield>
<subfield code="d">1889-1988.</subfield>
<subfield code="2">fast</subfield>
<subfield code="0">(OCoLC)fst00014157</subfield>
</datafield>
<datafield tag="600" ind1="1" ind2="7">
<subfield code="a">Nuʻaima, Mih̲āʼīl.</subfield>
<subfield code="2">swd</subfield>
</datafield>
<datafield tag="600" ind1="1" ind2="7">
<subfield code="a">Nuʻaima, Mih̲āʼīl,</subfield>
<subfield code="d">1889-1988.</subfield>
<subfield code="0">(DE-588)118996185</subfield>
<subfield code="2">gnd</subfield>
</datafield>
<datafield tag="653" ind1=" " ind2="0">
<subfield code="a">Nuʻaymah, Mīkhāʼīl</subfield>
<subfield code="a">1889-</subfield>
</datafield>
<datafield tag="776" ind1="0" ind2="8">
<subfield code="i">Online version:</subfield>
<subfield code="a">Naimy, Nadeem N.</subfield>
<subfield code="t">Mikhail Naimy.</subfield>
<subfield code="d">Beirut, 1967</subfield>
<subfield code="w">(OCoLC)576300020</subfield>
</datafield>
<datafield tag="880" ind1="1" ind2="4">
<subfield code="6">600-01/</subfield>
<subfield code="a">نعيمة، ميخائيل،</subfield>
<subfield code="d">1889-1988.</subfield>
</datafield>
<datafield tag="830" ind1=" " ind2="0">
<subfield code="a">Publication of the Faculty of Arts and Sciences.</subfield>
<subfield code="p">Oriental series ;</subfield>
<subfield code="v">no. 47.</subfield>
</datafield>
<datafield tag="OWN" ind1=" " ind2=" ">
<subfield code="a">GENERAL</subfield>
</datafield>
<datafield tag="AVA" ind1=" " ind2=" ">
<subfield code="a">NYU50</subfield>
<subfield code="b">BOBST</subfield>
<subfield code="c">Main Collection</subfield>
<subfield code="d">PJ25 .A6 no.47</subfield>
<subfield code="e">unavailable</subfield>
<subfield code="t">Unavailable</subfield>
<subfield code="f">1</subfield>
<subfield code="g">1</subfield>
<subfield code="h">N</subfield>
<subfield code="i">3</subfield>
<subfield code="j">MAIN</subfield>
<subfield code="k">0</subfield>
</datafield>
</record>
